<record xmlns="http://www.loc.gov/MARC21/slim" xmlns:xsi="http://www.w3.org/2001/XMLSchema-instance" xsi:schemaLocation="http://www.loc.gov/MARC21/slim http://www.loc.gov/standards/marcxml/schema/MARC21slim.xsd"><leader>01734nam a2200289   4500</leader><controlfield tag="001">002750536</controlfield><controlfield tag="003">NNU</controlfield><controlfield tag="006">m        d        </controlfield><controlfield tag="007">cr cn |||m|||a</controlfield><controlfield tag="008">140707s1884    ae      o     000 0 ara d</controlfield><datafield ind1=" " ind2=" " tag="040"><subfield code="a">NNU</subfield><subfield code="b">eng</subfield><subfield code="c">NNU</subfield></datafield><datafield ind1="1" ind2=" " tag="100"><subfield code="a">Shar&#299;f al-Murta&#7693;&#225;, &#699;Alam al-Hud&#225; &#699;Al&#299; ibn al-&#7716;usayn,</subfield><subfield code="d">966-1044 or 5.</subfield></datafield><datafield ind1="1" ind2="0" tag="245"><subfield code="a">Shih&#257;b f&#299; al-Shayb wa-al-shab&#257;b</subfield><subfield code="h">[electronic resource] /</subfield><subfield code="c">ta&#700;l&#299;f al-Shar&#299;f al-Murta&#7693;&#697;a Ab&#299; al-Q&#257;sim &#699;Al&#299; ibn al-Shar&#299;f al-&#7788;&#257;hir Ab&#299; A&#7717;mad al-&#7716;usayn ibn M&#363;s&#697;a al-M&#363;saw&#299; ; wa-yal&#299;hu Salwat al-&#7717;r&#299;f bi-mun&#257;&#7827;arat al-Rab&#299;&#699; wa-al-Khar&#299;f /ta&#700;l&#299;f Far&#299;d al-Zam&#257;n Ab&#299; &#699;Uthm&#257;n &#699;Amr ibn Ba&#7717;r al-J&#257;hiz.</subfield></datafield><datafield ind1=" " ind2=" " tag="250"><subfield code="a">al-&#7788;ab&#699;ah 1.</subfield></datafield><datafield ind1=" " ind2=" " tag="260"><subfield code="a">Qus&#7789;an&#7789;&#299;n&#299;yah :</subfield><subfield code="b">Ma&#7789;ba&#699;at al-Jaw&#257;&#700;ib,</subfield><subfield code="c">1302 [1884 or 5].</subfield></datafield><datafield ind1=" " ind2=" " tag="300"><subfield code="a">online resource (136 p.)</subfield></datafield><datafield ind1=" " ind2=" " tag="500"><subfield code="a">Part of the Arabic Collections Online (ACO) project, contributed by New York Univeristy Libraries.</subfield></datafield><datafield ind1=" " ind2=" " tag="533"><subfield code="a">Electronic reproduction.</subfield><subfield code="b">New York, N.Y. :</subfield><subfield code="c">New York University,</subfield><subfield code="d">2014.</subfield><subfield code="5">NNU</subfield></datafield><datafield ind1=" " ind2="0" tag="650"><subfield code="a">Arabic poetry</subfield><subfield code="x">History and criticism</subfield><subfield code="v">Early works to 1800.</subfield></datafield><datafield ind1=" " ind2="0" tag="650"><subfield code="a">Old age in literature</subfield><subfield code="v">Early works to 1800.</subfield></datafield><datafield ind1="0" ind2=" " tag="700"><subfield code="a">J&#257;&#7717;i&#7827;,</subfield><subfield code="d">d. 868 or 9.</subfield><subfield code="t">Kit&#257;b salwat al-&#7717;ar&#299;f bi-mun&#257;&#7827;arat al-Rab&#299;&#699; wa-al-khar&#299;f.</subfield></datafield><datafield ind1="0" ind2=" " tag="700"><subfield code="a">J&#257;&#7717;i&#7827;,</subfield><subfield code="d">d. 868 or 9.</subfield><subfield code="t">Salwat al-&#7717;ar&#299;f bi-mun&#257;&#7827;arat al-Rab&#299;&#699; wa- al-khar&#299;f.</subfield></datafield><datafield ind1="2" ind2=" " tag="710"><subfield code="a">New York University.</subfield><subfield code="b">Libraries.</subfield></datafield><datafield ind1="0" ind2=" " tag="730"><subfield code="a">Arabic Collections Online.</subfield></datafield><datafield ind1="0" ind2="8" tag="776"><subfield code="i">Print version:</subfield><subfield code="a">Shar&#299;f al-Murta&#7693;&#225;, &#699;Alam al-Hud&#225; &#699;Al&#299; ibn al-&#7716;usayn, 966-1044 or 5.</subfield><subfield code="t">Shih&#257;b f&#299; al-Shayb wa-al-shab&#257;b</subfield><subfield code="w">(NNU)002750536</subfield></datafield><datafield ind1="4" ind2="0" tag="856"><subfield code="u">http://hdl.handle.net/2333.1/8kprr6qn</subfield></datafield><datafield ind1=" " ind2=" " tag="959"><subfield code="a">NNU</subfield><subfield code="b">WEB</subfield><subfield code="c">GENI</subfield><subfield code="t">0</subfield><subfield code="m">Electronic access</subfield><subfield code="s">01</subfield></datafield></record>